@misc{Mityagin:2015,
	Author = {B. Mityagin},
	Title = {The Zero Set of a Real Analytic Function},
	Year = {2015},
	note = {\arxiv{1512.07276}}
}

@book{Klenke:2008,
	Author = {Klenke, A.},
	publisher = {World Publishing Corporation},
	Title = {Probability Theory: A Comprehensive Course},
	Year = {2008}
}


@InProceedings{BenMesDauRif13,
  author =      {Y. Bengio and G. Mesnil and Y. Dauphin and S. Rifai},
  title =      {Better mixing via deep representations},
  booktitle = {ICML},
  year =      {2013},
  note = {\arxiv{1207.4404}}
}

@inproceedings{NowBotRyo16,
title = {f-{GAN}: Training Generative Neural Samplers using Variational Divergence Minimization},
author = {S. Nowozin and B. Cseke and R. Tomioka},
booktitle = {NIPS},
year = {2016},
note = {\arxiv{1606.00709}}
}


@Book{SteChr08,
  author    = {I. Steinwart and A. Christmann},
  title     = {Support Vector Machines},
  year      = {2008},
  publisher = {Springer},
  series    = {Information Science and Statistics}
}

@Article{SriGreFukLanetal10,
  author =      {B. K.  Sriperumbudur and A. Gretton and K. Fukumizu and G. R. G.  Lanckriet and B. Sch{\"o}lkopf},
  title =      {Hilbert Space Embeddings and Metrics on Probability Measures},
  journal =  {JMLR},
  year =      {2010},
  volume =      {11},
  pages =      {1517--1561},
  note = {\arxiv{0907.5309}}
}

@Article{SriFukLan11,
  author =      {B. K. Sriperumbudur and K. Fukumizu and G. R. G. Lanckriet},
  title =      {Universality, Characteristic Kernels and {RKHS} Embedding of Measures},
  journal =  {JMLR},
  year =      {2011},
  volume =      {12},
  pages =      {2389--2410},
  note = {\arxiv{1003.0887}}
}


@Article{GneRaf07,
  author =      {T. Gneiting and A. E. Raftery},
  title =      {Strictly proper scoring rules, prediction, and estimation},
  journal =      {JASA},
  year =      {2007},
  volume =      {102},
  number =      {477},
  pages =      {359--378}
}


@Article{Mueller97,
  author =   {A. M{\"u}ller},
  title =    {Integral Probability Metrics and their Generating Classes of Functions},
  journal =      {Advances in  Applied Probability},
  year =     {1997},
  volume =   {29},
   number = {2},
  pages =    {429--443}
}

@Book{RasWil06,
  title     = {Gaussian Processes for Machine Learning},
  publisher = {MIT Press},
  year      = {2006},
  author    = {C. E. Rasmussen and C. K. I. Williams},
  address   = {Cambridge, MA}
}

@ARTICLE{SzeRiz04,
  author = {G. Sz\'{e}kely and M. Rizzo},
  title = {Testing for Equal Distributions in High Dimension},
  journal = {InterStat},
  year = {2004},
  volume = {5}
}

@Article{Lyons13,
  author =      {R. Lyons},
  title =      {Distance covariance in metric spaces},
  journal =      {The Annals of Probability},
  year =      {2013},
  volume =      {41},
  number =      {5},
  pages =      {3051--3696}
  }



@article{mmd-jmlr,
    author = {Gretton, A. and Borgwardt, K. M. and Rasch, M. J. and Sch{\"{o}}lkopf, B. and Smola, A. J.},
    journal = {JMLR},
    title = {A Kernel Two-Sample Test},
    volume = {13},
    year = {2012}
}

@book{diestel-uhl,
    author = {Diestel, J. and Uhl, Jr, J. J.},
    title = {Vector Measures},
    publisher = {American Mathematical Society},
    address = {Providence},
    year = {1977},
}

@inproceedings{opt-mmd,
archivePrefix = {arXiv},
note = {\arxiv{1611.04488}},
author = {Sutherland, D. J. and Tung, H.-Y. and Strathmann, H. and De, S. and Ramdas, A. and Smola, A. and Gretton, A.},
booktitle = {International Conference on Learning Representations},
title = {Generative Models and Model Criticism via Optimized Maximum Mean Discrepancy},
year = {2017}
}

@inproceedings{gmmn,
archivePrefix = {arXiv},
note = {\arxiv{1502.02761}},
author = {Li, Y. and Swersky, K. and Zemel, R.},
booktitle = {ICML},
title = {Generative Moment Matching Networks},
year = {2015}
}

@inproceedings{gen-mmd,
archivePrefix = {arXiv},
note = {\arxiv{1505.03906}},
author = {Dziugaite, G. K. and Roy, D. M. and Ghahramani, Z.},
booktitle = {UAI},
title = {Training generative neural networks via Maximum Mean Discrepancy optimization},
year = {2015}
}

@inproceedings{gans,
archivePrefix = {arXiv},
note = {\arxiv{1406.2661}},
author = {Goodfellow, I. and Pouget-Abadie, J. and Mirza, M. and Xu, B. and Warde-Farley, D. and Ozair, S. and Courville, A. and Bengio, Y.},
booktitle = {NIPS},
title = {Generative Adversarial Nets},
year = {2014}
}

@inproceedings{improved-gans,
archivePrefix = {arXiv},
note = {\arxiv{1606.03498}},
author = {Salimans, T. and Goodfellow, I. and Zaremba, W. and Cheung, V. and Radford, A. and Chen, X.},
booktitle = {NIPS},
title = {Improved Techniques for Training {GAN}s},
year = {2016}
}

@inproceedings{wgan-gp,
archivePrefix = {arXiv},
note = {\arxiv{1704.00028}},
author = {Gulrajani, I. and Ahmed, F. and Arjovsky, M. and Dumoulin, V. and Courville, A.},
title = {Improved Training of {W}asserstein {GAN}s},
booktitle = {NIPS},
year = {2017}
}

@inproceedings{wgan,
archivePrefix = {arXiv},
note = {\arxiv{1701.07875}},
author = {Arjovsky, M. and Chintala, S. and Bottou, L.},
title = {{W}asserstein Generative Adversarial Networks},
booktitle = {ICML},
year = {2017}
}

@inproceedings{towards-principled-gans,
author = {Arjovsky, M. and Bottou, L.},
title = {Towards Principled Methods for Training Generative Adversarial Networks},
booktitle = {ICLR},
year = {2017},
archivePrefix = {arXiv},
note = {\arxiv{1701.04862}},
}

@inproceedings{mmd-gan,
archivePrefix = {arXiv},
note = {\arxiv{1705.08584}},
author = {Li, C.-L. and Chang, W.-C. and Cheng, Y. and Yang, Y. and P{\'{o}}czos, B.},
title = {{MMD GAN}: Towards Deeper Understanding of Moment Matching Network},
booktitle = {NIPS},
year = {2017}
}

@misc{cramer-gan,
archivePrefix = {arXiv},
note = {\arxiv{1705.10743}},
author = {Bellemare, M. G. and Danihelka, I. and Dabney, W. and Mohamed, S. and Lakshminarayanan, B. and Hoyer, S. and Munos, R.},
title = {The {C}ramer Distance as a Solution to Biased {W}asserstein Gradients},
year = {2017}
}

@inproceedings{mcgan,
archivePrefix = {arXiv},
note = {\arxiv{1702.08398}},
author = {Mroueh, Y. and Sercu, T. and Goel, V.},
title = {{McGan}: Mean and Covariance Feature Matching {GAN}},
booktitle = {ICML},
year = {2017}
}

@inproceedings{fisher-gan,
archivePrefix = {arXiv},
note = {\arxiv{1705.09675}},
author = {Mroueh, Y. and Sercu, T.},
title = {{F}isher {GAN}},
booktitle = {NIPS},
year = {2017}
}

@misc{dan,
archivePrefix = {arXiv},
note = {\arxiv{1706.09549}},
author = {Li, C. and Alvarez-Melis, D. and Xu, K. and Jegelka, S. and Sra, S.},
title = {Distributional Adversarial Networks},
year = {2017}
}

@MastersThesis{energy-distance-gan,
  author =      {Lydia Tingruo Liu},
  title =      {On the Two-Sample Statistic Approach to Generative Adversarial Networks},
  school =      {University of Princeton Senior Thesis},
  year =      {2017},
  url = {http://arks.princeton.edu/ark:/88435/dsp0179408079v},
  month =      {April}
}



@article{energy-dist-is-mmd,
author = {Sejdinovic, D. and Sriperumbudur, B. K. and Gretton, A. and Fukumizu, K.},
title = {Equivalence of distance-based and {RKHS}-based statistics in hypothesis testing},
journal = {The Annals of Stastistics},
volume = {41},
number = {5},
pages = {2263--2291},
year = {2013},
note = {\arxiv{1207.6076}}
}

@article{energy-distance,
author = {G. J. Sz{\'e}kely and M. L. Rizzo},
title = {Testing for equal distributions in high dimensions},
journal = {InterStat},
number = {5},
year = {2004}
}

@inproceedings{fid,
archivePrefix = {arXiv},
note = {\arxiv{1706.08500}},
author = {Heusel, M. and Ramsauer, H. and Unterthiner, T. and Nessler, B. and Klambauer, G. and Hochreiter, S.},
title = {{GAN}s Trained by a Two Time-Scale Update Rule Converge to a {N}ash Equilibrium},
booktitle = {NIPS},
year = {2017}
}

@misc{birthday-test,
archivePrefix = {arXiv},
note = {\arxiv{1706.08224}},
author = {Arora, S. and Zhang, Y.},
title = {Do {GAN}s actually learn the distribution? {A}n empirical study},
year = {2017}
}

@inproceedings{stacked-gans,
archivePrefix = {arXiv},
note = {\arxiv{1612.04357}},
author = {Huang, X. and Li, Y. and Poursaeed, O. and Hopcroft, J. and Belongie, S.},
booktitle = {CVPR},
title = {Stacked Generative Adversarial Networks},
year = {2017}
}

@article{gan-tutorial,
archivePrefix = {arXiv},
note = {\arxiv{1701.00160}},
author = {Goodfellow, I.},
title = {{NIPS} 2016 Tutorial: Generative Adversarial Networks},
year = {2016}
}

@inproceedings{dcgan,
archivePrefix = {arXiv},
note = {\arxiv{1511.06434}},
author = {Radford, A. and Metz, L. and Chintala, S.},
booktitle = {ICLR},
title = {Unsupervised Representation Learning with Deep Convolutional Generative Adversarial Networks},
year = {2016}
}

@inproceedings{likelihoods-vs-samples,
archivePrefix = {arXiv},
note = {\arxiv{1511.01844}},
author = {Theis, L. and van den Oord, A. and Bethge, M.},
booktitle = {ICLR},
title = {A note on the evaluation of generative models},
year = {2016}
}

@misc{gan-vs-ml-realnvp,
archivePrefix = {arXiv},
note = {\arxiv{1705.05263}},
author = {Danihelka, I. and Lakshminarayanan, B. and Uria, B. and Wierstra, D. and Dayan, P.},
title = {Comparison of Maximum Likelihood and {GAN}-based training of {R}eal {NVP}s},
year = {2017}
}

@inproceedings{real-nvp,
archivePrefix = {arXiv},
note = {\arxiv{1605.08803}},
author = {Dinh, L. and Sohl-Dickstein, J. and Bengio, S.},
title = {Density estimation using Real {NVP}},
booktitle = {ICLR},
year = {2017}
}

@misc{anime-gans,
archivePrefix = {arXiv},
note = {\arxiv{1708.05509}},
author = {Y. Jin and K. Zhang and M. Li and Y. Tian and H. Zhu and Z. Fang},
title = {Towards the Automatic Anime Characters Creation with Generative Adversarial Networks},
year = {2017}
}

@inproceedings{beyond-face-rotation,
archivePrefix = {arXiv},
note = {\arxiv{1704.04086}},
author = {R. Huang and S. Zhang and T. Li and R. He},
title = {Beyond Face Rotation: Global and Local Perception {GAN} for Photorealistic and Identity Preserving Frontal View Synthesis},
year = {2017},
booktitle = {ICCV}
}
    
@inproceedings{cyclegan,
archivePrefix = {arXiv},
note = {\arxiv{1703.10593}},
author = {J.-Y. Zhu and T. Park and P. Isola and A. A. Efros},
title = {Unpaired Image-to-Image Translation using Cycle-Consistent Adversarial Networks},
year = {2017},
booktitle = {ICCV}
}

@misc{sinkhorn-autodiff,
archivePrefix = {arXiv},
note = {\arxiv{1706.00292}},
author = {A. Genevay and G. Peyr{\'e} and M. Cuturi},
title = {Learning Generative Models with {S}inkhorn Divergences},
year = {2017}
}

@inproceedings{approx-convergence-props,
archivePrefix = {arXiv},
note = {\arxiv{1705.08991}},
author = {Liu, S. and Bousquet, O. and Chaudhuri, K.},
title = {Approximation and Convergence Properties of Generative Adversarial Learning},
booktitle = {NIPS},
year = {2017}
}

@inproceedings{adversarial,
archivePrefix = {arXiv},
note = {\arxiv{1312.6199}},
author = {Szegedy, C. and Zaremba, W. and Sutskever, I. and Bruna, J. and Erhan, D. and Goodfellow, I. and Fergus, R.},
booktitle = {ICLR},
title = {Intriguing properties of neural networks},
year = {2014}
}

@inproceedings{inception,
    archivePrefix = {arXiv},
    note = {\arxiv{1512.00567}},
    author = {Szegedy, C. and Vanhoucke, V. and Ioffe, S. and Shlens, J. and Wojna, Z.},
    booktitle = {CVPR},
    title = {Rethinking the {I}nception Architecture for Computer Vision},
    year = {2016}
}

@article{scikit-learn,
    title={Scikit-learn: Machine Learning in {P}ython},
    author={Pedregosa, F. and Varoquaux, G. and Gramfort, A. and Michel, V.
            and Thirion, B. and Grisel, O. and Blondel, M. and Prettenhofer, P.
            and Weiss, R. and Dubourg, V. and Vanderplas, J. and Passos, A. and
            Cournapeau, D. and Brucher, M. and Perrot, M. and Duchesnay, E.},
     journal={JMLR},
     volume={12},
     pages={2825--2830},
     year={2011}
}

@article{lenet,
    title = {Gradient-Based Learning Applied to Document Recognition},
    author = {LeCun, Y. and Bottou, L. and Bengio, Y. and Haffner, P.},
    year = {1998},
    journal = {Proceedings of the IEEE}
}

@misc{lsun,
    Author = {Yu, F. and Zhang, Y. and Song, S. and Seff, A. and Xiao, J.},
    Title = {{LSUN}: Construction of a Large-scale Image Dataset using Deep Learning with Humans in the Loop},
    note = {\arxiv{1506.03365}},
    Year = {2015}
}

@misc{cifar10,
author = {Krizhevsky, A.},
year = {2009},
title = {Learning Multiple Layers of Features from Tiny Images},
}

@misc{mnist,
  author = {LeCun, Yann and Cortes, Corinna},
  howpublished = {http://yann.lecun.com/exdb/mnist/},
  title = {{MNIST} handwritten digit database},
  url = {http://yann.lecun.com/exdb/mnist/},
  year = 2010
}

@inproceedings{adam,
    note = {\arxiv{1412.6980}},
    author = {Kingma, Diederik and Ba, Jimmy},
    booktitle = {ICLR},
    title = {Adam: A Method for Stochastic Optimization},
    year = {2015}
}

@misc{began,
    author = {D. Berthelot and T. Schumm and L. Metz},
    title = {BEGAN: Boundary Equilibrium Generative Adversarial Networks},
    year = {2017},
    note = {\arxiv{1703.10717}},
}

@inproceedings{kernel-choice-mmd,
author = {Sriperumbudur, B. K. and Fukumizu, K. and Gretton, A. and Lanckriet, G. R. G. and Sch{\"{o}}lkopf, B.},
booktitle = {NIPS},
title = {Kernel choice and classifiability for {RKHS} embeddings of probability distributions},
year = {2009}
}

@article{dowson-landau,
author = {Dowson, D. C. and Landau, B. V.},
journal = {Journal of Multivariate Analysis},
number = {3},
pages = {450--455},
title = {The {F}r{\'{e}}chet distance between multivariate normal distributions},
volume = {12},
year = {1982}
}

@article{owen:integrals,
author = {Owen, D. B.},
number = {4},
pages = {389--419},
title = {A table of normal integrals},
volume = {9},
year = {1980}
}

@inproceedings{c2st,
archivePrefix = {arXiv},
note = {\arxiv{1610.06545}},
author = {Lopez-Paz, D. and Oquab, M.},
booktitle = {ICLR},
title = {Revisiting Classifier Two-Sample Tests},
year = {2017}
}

@article{ipm-empirical-est,
author = {Sriperumbudur, B. K. and Fukumizu, K. and Gretton, A. and Sch{\"{o}}lkopf, B. and Lanckriet, G. R. G.},
journal = {Electronic Journal of Statistics},
pages = {1550--1599},
title = {On the empirical estimation of integral probability metrics},
volume = {6},
year = {2012}
}

@inproceedings{arora:gen-equilibrium,
note = {\arxiv{1703.00573}},
author = {Arora, S. and Ge, R. and Liang, Y. and Ma, T. and Zhang, Y.},
title = {Generalization and Equilibrium in Generative Adversarial Nets ({GAN}s)},
booktitle = {ICML},
year = {2017},
}


@inproceedings{3sample,
note = {\arxiv{1511.04581}},
author = {W. Bounliphone and E. Belilovsky and M. B. Blaschko and I. Antonoglou and A. Gretton},
title = {A Test of Relative Similarity For Model Selection in Generative Models},
booktitle = {ICLR},
year = {2016},
}

@inproceedings{elu,
archivePrefix = {arXiv},
note = {\arxiv{1511.07289}},
author = {Clevert, D.-A. and Unterthiner, T. and Hochreiter, S.},
booktitle = {ICLR},
title = {Fast and Accurate Deep Network Learning by Exponential Linear Units ({ELU}s)},
year = {2016}
}

@inproceedings{many-paths,
author = {W. Fedus and M. Rosca and B. Lakshminarayanan and A. M. Dai and S. Mohamed and I. Goodfellow},
note = {\arxiv{1710.08446}},
title = {Many Paths to Equilibrium: {GAN}s Do Not Need to Decrease a Divergence At Every Step},
year = {2018},
booktitle = {ICLR}
}

@misc{ipms-phi-clf,
archivePrefix = {arXiv},
note = {\arxiv{0901.2698}},
author = {Sriperumbudur, B. K. and Fukumizu, K. and Gretton, A. and Sch{\"{o}}lkopf, B. and Lanckriet, G. R. G.},
title = {On integral probability metrics, phi-divergences and binary classification},
year = {2009},
}

@article{rosenbaum,
author = {Rosenbaum, S.},
title = {Moments of a Truncated Bivariate Normal Distribution},
journal = {JRSS B},
volume = {23},
pages = {405--408},
year = {1961},
}

@misc{censored-normal,
author = {Sutherland, D. J.},
title = {What are the mean and variance of a 0-censored multivariate normal?},
howpublished = {Cross Validated answer},
url = {https://stats.stackexchange.com/q/326347},
year = {2018},
}

@inproceedings{b-test,
author = {Zaremba, W. and Gretton, A. and Blaschko, M. B.},
title = {B-tests: Low Variance Kernel Two-Sample Tests},
booktitle = {NIPS},
year = {2013},
note = {\arxiv{1307.1954}},
}

@inproceedings{celeba,
author={Liu, Z. and Luo, P. and Wang, X. and Tang, X.},
title={Deep learning face attributes in the wild},
booktitle={ICCV},
year={2015}
}
